@incollection{vanderWal2017,
  doi = {10.1007/978-3-319-70647-4_11},
  url = {https://doi.org/10.1007/978-3-319-70647-4_11},
  year = {2017},
  publisher = {Springer International Publishing},
  pages = {139--177},
  author = {C. Natalie {van der Wal} and Daniel Formolo and Mark A. Robinson and Michael Minkov and Tibor Bosse},
  title = {Simulating Crowd Evacuation with Socio-Cultural,  Cognitive,  and Emotional Elements},
  booktitle = {Transactions on Computational Collective Intelligence {XXVII}}
}

@article{Moussad2010,
  doi = {10.1371/journal.pone.0010047},
  url = {https://doi.org/10.1371/journal.pone.0010047},
  year = {2010},
  month = apr,
  publisher = {Public Library of Science ({PLoS})},
  volume = {5},
  number = {4},
  pages = {e10047},
  author = {Mehdi Moussa√Ød and Niriaska Perozo and Simon Garnier and Dirk Helbing and Guy Theraulaz},
  editor = {Giuseppe Chirico},
  title = {The Walking Behaviour of Pedestrian Social Groups and Its Impact on Crowd Dynamics},
  journal = {{PLoS} {ONE}}
}

@inproceedings{Reynolds1999,
  title={Steering behaviors for autonomous characters},
  author={Reynolds, Craig W},
  booktitle={Game developers conference},
  volume={1999},
  pages={763--782},
  year={1999},
  organization={Citeseer}
}