@book{Bon1895,
  title={Psicologia delle folle},
  author={Bon, G.L. and Carlotti, G. and Scelsi, R.V.},
  isbn={9788897109709},
  year={2019},
  publisher={ShaKe}
}

@book{Turner1957,
  title={Collective behavior},
  author={Turner, Ralph H and Killian, Lewis M and others},
  volume={3},
  year={1957},
  publisher={Prentice-Hall Englewood Cliffs, NJ}
}

@article{Gillespie1977,
  doi = {10.1021/j100540a008},
  url = {https://doi.org/10.1021/j100540a008},
  year = {1977},
  month = dec,
  publisher = {American Chemical Society ({ACS})},
  volume = {81},
  number = {25},
  pages = {2340--2361},
  author = {Daniel T. Gillespie},
  title = {Exact stochastic simulation of coupled chemical reactions},
  journal = {The Journal of Physical Chemistry}
}

@book{Braitenberg1986,
  title={Vehicles: Experiments in Synthetic Psychology},
  author={Braitenberg, V.},
  isbn={9780262521123},
  lccn={84009727},
  series={Bradford Books},
  year={1986},
  publisher={MIT Press}
}

@book{Reynolds1987,
  title={Flocks, herds and schools: A distributed behavioral model},
  author={Reynolds, Craig W},
  volume={21},
  number={4},
  year={1987},
  publisher={ACM}
}

@book{GoF1995,
  author = {Gamma, Erich and Helm, Richard and Johnson, Ralph E. and Vlissides, John},
  publisher = {Addison-Wesley},
  series = {Addison-Wesley Professional Computing Series},
  title = {Design Patterns: Elements of Reusable Object-Oriented Software},
  year = 1995
}

@article{Helbing1995,
  doi = {10.1103/physreve.51.4282},
  url = {https://doi.org/10.1103/physreve.51.4282},
  year = {1995},
  month = may,
  publisher = {American Physical Society ({APS})},
  volume = {51},
  number = {5},
  pages = {4282--4286},
  author = {Dirk Helbing and P{\'{e}}ter Moln{\'{a}}r},
  title = {Social force model for pedestrian dynamics},
  journal = {Physical Review E}
}

@inproceedings{Reynolds1999,
  title={Steering behaviors for autonomous characters},
  author={Reynolds, Craig W},
  booktitle={Game developers conference},
  volume={1999},
  pages={763--782},
  year={1999},
  organization={Citeseer}
}

@article{Gibson2000,
  doi = {10.1021/jp993732q},
  url = {https://doi.org/10.1021/jp993732q},
  year = {2000},
  month = mar,
  publisher = {American Chemical Society ({ACS})},
  volume = {104},
  number = {9},
  pages = {1876--1889},
  author = {Michael A. Gibson and Jehoshua Bruck},
  title = {Efficient Exact Stochastic Simulation of Chemical Systems with Many Species and Many Channels},
  journal = {The Journal of Physical Chemistry A}
}

@inbook{Helbing2002,
  author = {Helbing, Dirk and Farkas, Illés and Molnar, Peter and Vicsek, Tamás},
  year = {2002},
  month = {01},
  pages = {21-58},
  title = {Simulation of pedestrian crowds in normal and evacuation situations},
  volume = {21}
}

@article{Hughes2002,
  doi = {10.1016/s0191-2615(01)00015-7},
  url = {https://doi.org/10.1016/s0191-2615(01)00015-7},
  year = {2002},
  month = jul,
  publisher = {Elsevier {BV}},
  volume = {36},
  number = {6},
  pages = {507--535},
  author = {Roger L. Hughes},
  title = {A continuum theory for the flow of pedestrians},
  journal = {Transportation Research Part B: Methodological}
}

@article{Willis2004,
  doi = {10.1068/b3060},
  url = {https://doi.org/10.1068/b3060},
  year = {2004},
  month = dec,
  publisher = {{SAGE} Publications},
  volume = {31},
  number = {6},
  pages = {805--828},
  author = {Alexandra Willis and Nathalia Gjersoe and Catriona Havard and Jon Kerridge and Robert Kukla},
  title = {Human Movement Behaviour in Urban Spaces: Implications for the Design and Modelling of Effective Pedestrian Environments},
  journal = {Environment and Planning B: Planning and Design}
}

@article{Helbing2005,
  doi = {10.1287/trsc.1040.0108},
  url = {https://doi.org/10.1287/trsc.1040.0108},
  year = {2005},
  month = feb,
  publisher = {Institute for Operations Research and the Management Sciences ({INFORMS})},
  volume = {39},
  number = {1},
  pages = {1--24},
  author = {Dirk Helbing and Lubos Buzna and Anders Johansson and Torsten Werner},
  title = {Self-Organized Pedestrian Crowd Dynamics: Experiments,  Simulations,  and Design Solutions},
  journal = {Transportation Science}
}

@article{Ji2006,
  title={Simulating crowd evacuation with a leader-follower model},
  author={Ji, Qingge and Gao, Can},
  journal={IJCSES},
  volume={1},
  number={4},
  pages={249--252},
  year={2006}
}

@article{Zheng2009,
  doi = {10.1016/j.buildenv.2008.04.002},
  url = {https://doi.org/10.1016/j.buildenv.2008.04.002},
  year = {2009},
  month = mar,
  publisher = {Elsevier {BV}},
  volume = {44},
  number = {3},
  pages = {437--445},
  author = {Xiaoping Zheng and Tingkuan Zhong and Mengting Liu},
  title = {Modeling crowd evacuation of a building based on seven methodological approaches},
  journal = {Building and Environment}
}

@article{Moussad2010,
  doi = {10.1371/journal.pone.0010047},
  url = {https://doi.org/10.1371/journal.pone.0010047},
  year = {2010},
  month = apr,
  publisher = {Public Library of Science ({PLoS})},
  volume = {5},
  number = {4},
  pages = {e10047},
  author = {Mehdi Moussaïd and Niriaska Perozo and Simon Garnier and Dirk Helbing and Guy Theraulaz},
  editor = {Giuseppe Chirico},
  title = {The Walking Behaviour of Pedestrian Social Groups and Its Impact on Crowd Dynamics},
  journal = {{PLoS} {ONE}}
}

@article{Qiu2010,
  doi = {10.1016/j.simpat.2009.10.005},
  url = {https://doi.org/10.1016/j.simpat.2009.10.005},
  year = {2010},
  month = feb,
  publisher = {Elsevier {BV}},
  volume = {18},
  number = {2},
  pages = {190--205},
  author = {Fasheng Qiu and Xiaolin Hu},
  title = {Modeling group structures in pedestrian crowd simulation},
  journal = {Simulation Modelling Practice and Theory}
}

@incollection{Helbing2011,
  doi = {10.1007/978-1-4419-7695-6_37},
  url = {https://doi.org/10.1007/978-1-4419-7695-6_37},
  year = {2011},
  publisher = {Springer New York},
  pages = {697--716},
  author = {Dirk Helbing and Anders Johansson},
  title = {Pedestrian,  Crowd and Evacuation Dynamics},
  booktitle = {Extreme Environmental Events}
}

@article{Kster2011,
  doi = {10.1080/21582041.2011.619867},
  url = {https://doi.org/10.1080/21582041.2011.619867},
  year = {2011},
  month = nov,
  publisher = {Informa {UK} Limited},
  volume = {6},
  number = {3},
  pages = {397--414},
  author = {Gerta K\"{o}ster and Michael Seitz and Franz Treml and Dirk Hartmann and Wolfram Klein},
  title = {On modelling the influence of group formations in a crowd},
  journal = {Contemporary Social Science}
}

@article{Soto2011,
  doi = {10.1037/a0021717},
  url = {https://doi.org/10.1037/a0021717},
  year = {2011},
  publisher = {American Psychological Association ({APA})},
  volume = {100},
  number = {2},
  pages = {330--348},
  author = {Christopher J. Soto and Oliver P. John and Samuel D. Gosling and Jeff Potter},
  title = {Age differences in personality traits from 10 to 65: Big Five domains and facets in a large cross-sectional sample.},
  journal = {Journal of Personality and Social Psychology}
}

@article{Soomaroo2012,
  doi = {10.1371/currents.rrn1301},
  url = {https://doi.org/10.1371/currents.rrn1301},
  year = {2012},
  month = mar,
  publisher = {Public Library of Science ({PLoS})},
  volume = {4},
  pages = {RRN1301},
  author = {Lee Soomaroo and Virginia Murray},
  title = {Disasters at Mass Gatherings: Lessons from History},
  journal = {{PLoS} Currents}
}

@article{Almeida2013,
  author = {Almeida, João Emílio and Rossetti, Rosaldo J. F. and Coelho, António Leca},
  ee = {http://arxiv.org/abs/1303.4692},
  journal = {CoRR},
  title = {Crowd Simulation Modeling Applied to Emergency and Evacuation Simulations using Multi-Agent Systems},
  url = {http://dblp.uni-trier.de/db/journals/corr/corr1303.html#abs-1303-4692},
  volume = {abs/1303.4692},
  year = 2013
}

@article{Duives2013,
  doi = {10.1016/j.trc.2013.02.005},
  url = {https://doi.org/10.1016/j.trc.2013.02.005},
  year = {2013},
  month = dec,
  publisher = {Elsevier {BV}},
  volume = {37},
  pages = {193--209},
  author = {Dorine C. Duives and Winnie Daamen and Serge P. Hoogendoorn},
  title = {State-of-the-art crowd motion simulation models},
  journal = {Transportation Research Part C: Emerging Technologies}
}

@inproceedings{Fridman2013,
  author = {Fridman, Natalie and Kaminka, Gal and Zilka, Avishay},
  year = {2013},
  month = {05},
  pages = {143-150},
  title = {The impact of culture on crowd dynamics: An empirical approach},
  volume = {1},
  journal = {12th International Conference on Autonomous Agents and Multiagent Systems 2013, AAMAS 2013}
}

@article{Pianini2013,
  doi = {10.1057/jos.2012.27},
  url = {https://doi.org/10.1057/jos.2012.27},
  year = {2013},
  month = aug,
  publisher = {Informa {UK} Limited},
  volume = {7},
  number = {3},
  pages = {202--215},
  author = {Danilo Pianini and Sandra Montagna and Mirko Viroli},
  title = {Chemical-oriented simulation of computational systems with {ALCHEMIST}},
  journal = {Journal of Simulation}
}

@article{Vizzari2013,
  doi = {10.1186/2194-3206-1-7},
  url = {https://doi.org/10.1186/2194-3206-1-7},
  year = {2013},
  month = mar,
  publisher = {Springer Nature},
  volume = {1},
  number = {1},
  author = {Giuseppe Vizzari and Lorenza Manenti and Luca Crociani},
  title = {Adaptive pedestrian behaviour for the preservation of group cohesion},
  journal = {Complex Adaptive Systems Modeling}
}

@inproceedings{Pianini2015,
  doi = {10.1145/2695664.2695913},
  url = {https://doi.org/10.1145/2695664.2695913},
  year = {2015},
  publisher = {{ACM} Press},
  author = {Danilo Pianini and Mirko Viroli and Jacob Beal},
  title = {Protelis},
  booktitle = {Proceedings of the 30th Annual {ACM} Symposium on Applied Computing - {SAC} {\textquotesingle}15}
}

@inproceedings{Casadei2016,
  doi = {10.1145/2957319.2957372},
  url = {https://doi.org/10.1145/2957319.2957372},
  year = {2016},
  publisher = {{ACM} Press},
  author = {Roberto Casadei and Mirko Viroli},
  title = {Towards Aggregate Programming in Scala},
  booktitle = {First Workshop on Programming Models and Languages for Distributed Computing on - {PMLDC} {\textquotesingle}16}
}

@article{Chen2017,
  doi = {10.1080/01441647.2017.1396265},
  url = {https://doi.org/10.1080/01441647.2017.1396265},
  year = {2017},
  month = nov,
  publisher = {Informa {UK} Limited},
  volume = {38},
  number = {5},
  pages = {625--653},
  author = {Xu Chen and Martin Treiber and Venkatesan Kanagaraj and Haiying Li},
  title = {Social force models for pedestrian traffic {\textendash} state of the art},
  journal = {Transport Reviews}
}

@book{Jemerov2017,
  title={Kotlin in Action},
  author={Jemerov, D. and Isakova, S.},
  isbn={9781617293290},
  lccn={2017286272},
  year={2017},
  publisher={Manning Publications Company}
}

@incollection{vanderWal2017Model,
  doi = {10.1007/978-3-319-60042-0_68},
  url = {https://doi.org/10.1007/978-3-319-60042-0_68},
  year = {2017},
  publisher = {Springer International Publishing},
  pages = {620--627},
  author = {C. Natalie van der Wal and Daniel Formolo and Tibor Bosse},
  title = {An Agent-Based Evacuation Model with Social Contagion Mechanisms and Cultural Factors},
  booktitle = {Advances in Artificial Intelligence: From Theory to Practice}
}

@incollection{vanderWal2017Simulations,
  doi = {10.1007/978-3-319-70647-4_11},
  url = {https://doi.org/10.1007/978-3-319-70647-4_11},
  year = {2017},
  publisher = {Springer International Publishing},
  pages = {139--177},
  author = {C. Natalie van der Wal and Daniel Formolo and Mark A. Robinson and Michael Minkov and Tibor Bosse},
  title = {Simulating Crowd Evacuation with Socio-Cultural,  Cognitive,  and Emotional Elements},
  booktitle = {Transactions on Computational Collective Intelligence {XXVII}}
}

@incollection{Treur2018,
  doi = {10.1007/978-3-662-58611-2_2},
  url = {https://doi.org/10.1007/978-3-662-58611-2_2},
  year = {2018},
  month = dec,
  publisher = {Springer Berlin Heidelberg},
  pages = {120--139},
  author = {Jan Treur},
  title = {The Ins and Outs of Network-Oriented Modeling: From Biological Networks and Mental Networks to Social Networks and Beyond},
  booktitle = {Transactions on Computational Collective Intelligence {XXXII}}
}

@article{Tan2019, 
  title={CROWD DYNAMICS ANALISYS: SIMULATING HETEREOGENEOUS CROWDS WITH PANIC EFFECT STOCHASTICS BEHAVIOUR}, 
  volume = {11}, 
  url = {https://jfas.info/index.php/JFAS/article/view/337}, 
  doi = {https://doi.org/10.4314/jfas.v11i2.19}, 
  number = {2}, 
  journal = {Journal of Fundamental and Applied Sciences}, 
  author = {Tan, Z. and Othman, W. A. F. W. and Wahab, A. A. A. and Alhady, S. S. N.}, 
  year = {2019}, 
  month = apr, 
  pages = {838-856}
}